<?xml version="1.0" encoding="UTF-8"?><collection xmlns="http://www.loc.gov/MARC21/slim"><record><leader>00665nam--2200193-i-4500</leader><controlfield tag="001">000029531</controlfield><controlfield tag="002">20161230</controlfield><controlfield tag="005">20161230201037</controlfield><controlfield tag="008">060222s1000------------r-----000-0-fre-d</controlfield><datafield ind1=" " ind2=" " tag="040"><subfield code="a">IFIN-HH</subfield></datafield><datafield ind1=" " ind2=" " tag="041"><subfield code="a">fre</subfield></datafield><datafield ind1=" " ind2=" " tag="080"><subfield code="a">539.172.4.162.5</subfield></datafield><datafield ind1="1" ind2=" " tag="100"><subfield code="a">Lachkar, J., Patin,Y., Sigaud, J</subfield></datafield><datafield ind1="1" ind2="0" tag="245"><subfield code="a">Sections efficaces de production de rayons pi emis par la reaction 56 fe(n, n`pi) dans la gamme d`energie de neutrons incidents de 4,8 a 8,8 mev</subfield><subfield code="c">J. lachkar, y. patin, j. sigaud</subfield></datafield><datafield ind1=" " ind2=" " tag="260"><subfield code="a">Bruyeres-le-chatel</subfield><subfield code="b">Service De Physique Nucleaire</subfield><subfield code="c">1973</subfield></datafield><datafield ind1=" " ind2=" " tag="300"><subfield code="a">6P. + 2 TABELE</subfield></datafield><datafield ind1="1" ind2=" " tag="700"><subfield code="a">Sigaud, J</subfield></datafield><datafield ind1=" " ind2=" " tag="852"><subfield code="a">39150</subfield><subfield code="c">539.17</subfield></datafield><datafield ind1=" " ind2=" " tag="CAT"><subfield code="a">Sys</subfield><subfield code="c">20120611</subfield><subfield code="h">104357</subfield></datafield></record></collection>